@incollection{RN9,
   author = {Andrew, K. Rose},
   title = {A Stable International Monetary System Emerges: Inflation Targeting is Bretton Woods, Reversed},
   publisher = {National Bureau of Economic Research},
   type = {Serial}
}

@article{RN15,
   author = {Ardakani, Omid M. and Kishor, N. Kundan and Song, Suyong},
   title = {Re-evaluating the effectiveness of inflation targeting},
   journal = {Journal of economic dynamics & control},
   volume = {90},
   pages = {76-97},
   ISSN = {0165-1889},
   DOI = {10.1016/j.jedc.2018.01.045},
   year = {2018},
   type = {Journal Article}
}

@article{RN4,
   author = {Armand, Fouejieu},
   title = {Inflation targeting and financial stability in emerging markets},
   journal = {Economic modelling},
   volume = {60},
   pages = {51-70},
   ISSN = {0264-9993},
   DOI = {10.1016/j.econmod.2016.08.020},
   year = {2017},
   type = {Journal Article}
}

@book{RN10,
   author = {Ball, Laurence M. and Sheridan, Niamh and Institute, I. M. F. and International Monetary, Fund},
   title = {Does inflation targeting matter?},
   publisher = {IMF Institute},
   address = {Washington, D.C},
   pages = {34 p. : ill.},
   year = {2003},
   type = {Book}
}

@article{RN32,
   author = {Ben, S. Bernanke and Frederic, S. Mishkin},
   title = {Inflation Targeting: A New Framework for Monetary Policy?},
   journal = {The Journal of economic perspectives},
   volume = {11},
   number = {2},
   pages = {97-116},
   ISSN = {0895-3309},
   DOI = {10.1257/jep.11.2.97},
   year = {1997},
   type = {Journal Article}
}

@book{RN1,
   author = {Ben, S. Bernanke and Thomas, Laubach and Frederic, S. Mishkin and Adam, S. Posen},
   title = {Inflation Targeting: lessons from the international experience},
   publisher = {Princeton University Press},
   year = {2018},
   type = {Book}
}

@book{RN3,
   author = {Borio, Claudio},
   title = {Asset prices, financial and monetary stability : exploring the nexus},
   publisher = {Basel, Switzerland : Bank for International Settlements, Monetary and Economic Dept.},
   address = {Basel, Switzerland},
   year = {2002},
   type = {Book}
}

@article{RN17,
   author = {Brave, Scott and Butters, R. Andrew},
   title = {Monitoring financial stability: a financial conditions index approach},
   journal = {Economic perspectives (1989)},
   volume = {35},
   number = {1},
   pages = {22},
   ISSN = {1048-115X},
   year = {2011},
   type = {Journal Article}
}

@article{RN16,
   author = {Brito, Ricardo D. and Bystedt, Brianne},
   title = {Inflation targeting in emerging economies: Panel evidence},
   journal = {Journal of development economics},
   volume = {91},
   number = {2},
   pages = {198-210},
   ISSN = {0304-3878},
   DOI = {10.1016/j.jdeveco.2009.09.010},
   year = {2010},
   type = {Journal Article}
}

@article{RN18,
   author = {Cardarelli, Roberto and Elekdag, Selim and Lall, Subir},
   title = {Financial stress and economic contractions},
   journal = {Journal of financial stability},
   volume = {7},
   number = {2},
   pages = {78-97},
   ISSN = {1572-3089},
   DOI = {10.1016/j.jfs.2010.01.005},
   year = {2011},
   type = {Journal Article}
}

@article{RN34,
   author = {Frappa, Sébastien and Mésonnier, Jean-Stéphane},
   title = {The housing price boom of the late 1990s: Did inflation targeting matter?},
   journal = {Journal of financial stability},
   volume = {6},
   number = {4},
   pages = {243-254},
   ISSN = {1572-3089},
   DOI = {10.1016/j.jfs.2010.06.001},
   year = {2010},
   type = {Journal Article}
}

@article{RN36,
   author = {Gadanecz, Blaise and Jayaram, Kaushik},
   title = {Measures of financial stability-a review},
   journal = {Irving Fisher Committee Bulletin},
   volume = {31},
   number = {1},
   pages = {365-383},
   year = {2008},
   type = {Journal Article}
}

@article{RN33,
   author = {Gonçalves, Carlos Eduardo S. and Salles, João M.},
   title = {Inflation targeting in emerging economies: What do the data say?},
   journal = {Journal of development economics},
   volume = {85},
   number = {1},
   pages = {312-318},
   ISSN = {0304-3878},
   DOI = {10.1016/j.jdeveco.2006.07.002},
   year = {2008},
   type = {Journal Article}
}

@book{RN24,
   author = {Hansen, Bruce E.},
   title = {Econometrics},
   publisher = {Madison : University of Wisconsin, Department of Economics},
   edition = {Revised edition (January 14, 2016).},
   year = {2016},
   type = {Book}
}

@article{RN37,
   author = {Hill, Jennifer},
   title = {Discussion of research using propensity-score matching: Comments on ‘A critical appraisal of propensity-score matching in the medical literature between 1996 and 2003’ by Peter Austin, Statistics in Medicine},
   journal = {Statistics in Medicine},
   volume = {27},
   number = {12},
   pages = {2055-2061},
   ISSN = {0277-6715},
   DOI = {https://doi.org/10.1002/sim.3245},
   url = {https://onlinelibrary.wiley.com/doi/abs/10.1002/sim.3245},
   year = {2008},
   type = {Journal Article}
}

@article{RN29,
   author = {Ho, Daniel E. and Imai, Kosuke and King, Gary and Stuart, Elizabeth A.},
   title = {Matching as Nonparametric Preprocessing for Reducing Model Dependence in Parametric Causal Inference},
   journal = {Political analysis},
   volume = {15},
   number = {3},
   pages = {199-236},
   ISSN = {1047-1987},
   DOI = {10.1093/pan/mpl013},
   year = {2007},
   type = {Journal Article}
}

@article{RN28,
   author = {Iacus, Stefano M. and King, Gary and Porro, Giuseppe},
   title = {A Theory of Statistical Inference for Matching Methods in Causal Research},
   journal = {Political analysis},
   volume = {27},
   number = {1},
   pages = {46-68},
   ISSN = {1047-1987},
   DOI = {10.1017/pan.2018.29},
   year = {2019},
   type = {Journal Article}
}

@article{RN20,
   author = {Illing, Mark and Liu, Ying},
   title = {Measuring financial stress in a developed country: An application to Canada},
   journal = {Journal of financial stability},
   volume = {2},
   number = {3},
   pages = {243-265},
   ISSN = {1572-3089},
   DOI = {10.1016/j.jfs.2006.06.002},
   year = {2006},
   type = {Journal Article}
}

@article{RN26,
   author = {King, Gary and Nielsen, Richard},
   title = {Why Propensity Scores Should Not Be Used for Matching},
   journal = {Political analysis},
   volume = {27},
   number = {4},
   pages = {435-454},
   ISSN = {1047-1987},
   DOI = {10.1017/pan.2019.11},
   year = {2019},
   type = {Journal Article}
}

@article{RN13,
   author = {Lin, Shu and Ye, Haichun},
   title = {Does inflation targeting really make a difference? Evaluating the treatment effect of inflation targeting in seven industrial countries},
   journal = {Journal of monetary economics},
   volume = {54},
   number = {8},
   pages = {2521-2533},
   ISSN = {0304-3932},
   DOI = {10.1016/j.jmoneco.2007.06.017},
   year = {2007},
   type = {Journal Article}
}

@article{RN14,
   author = {Lin, Shu and Ye, Haichun},
   title = {Does inflation targeting make a difference in developing countries?},
   journal = {Journal of development economics},
   volume = {89},
   number = {1},
   pages = {118-123},
   ISSN = {0304-3878},
   DOI = {10.1016/j.jdeveco.2008.04.006},
   year = {2009},
   type = {Journal Article}
}

@book{RN2,
   author = {Roger, Scott and International Monetary Fund. Monetary and Capital Markets, Dept},
   title = {Inflation targeting at 20 : achievements and challenges},
   publisher = {International Monetary Fund, MCM},
   address = {Washington, D.C.},
   series = {IMF working paper WP/09/236},
   ISBN = {1-4623-5576-5
1-4527-0869-X
1-282-84437-7
9786612844379
1-4518-7383-2},
   year = {2009},
   type = {Book}
}

@article{RN21,
   author = {Rosenbaum, Paul R. and Rubin, Donald B.},
   title = {The central role of the propensity score in observational studies for causal effects},
   journal = {Biometrika},
   volume = {70},
   number = {1},
   pages = {41-55},
   ISSN = {1464-3510
0006-3444},
   DOI = {10.1093/biomet/70.1.41},
   year = {1983},
   type = {Journal Article}
}

@misc{RN23,
   pages = {https://www.coursera.org/learn/crash-course-in-causality/home/welcome},
   year = {2021},
   type = {Online Multimedia}
}

@article{RN35,
   author = {Schoenholtz, Kermit L. and Hooper, Peter and Mishkin, Frederic S. and Hatzius, Jan and Watson, Mark W.},
   title = {Financial Conditions Indexes: A Fresh Look after the Financial Crisis},
   DOI = {10.3386/w16150},
   year = {2010},
   type = {Journal Article}
}

@misc{RN27,
   type = {Generic}
}

@misc{RN5,
   number = {17967},
   DOI= {10.3386/w17967},
   url = {http://www.nber.org/papers/w17967},
   year = {2012},
   type = {Generic}
}

@book{RN11,
   author = {Woodford, Michael, National Bureau of Economic Research},
   title = {Inflation Targeting and Financial Stability},
   publisher = {National Bureau of Economic Research},
   address = {Cambridge, Mass},
   series = {NBER working paper series no. w17967},
   url = {http://www.nber.org/papers/w17967},
   year = {2012},
   type = {Book}
}

@book{RN22,
   author = {Wooldridge, Jeffrey M.},
   title = {Econometric Analysis of Cross Section and Panel Data, Second Edition},
   publisher = {Cambridge: MIT Press},
   address = {Cambridge},
   year = {2010},
   type = {Book}
}
@article{borio2009,
  title={Assessing the risk of banking crises--revisited},
  author={Borio, Claudio EV and Drehmann, Mathias},
  journal={BIS Quarterly Review, March},
  year={2009}
}
@Article{matchit,    title = {{MatchIt}: Nonparametric Preprocessing for Parametric Causal Inference},    author = {Daniel E. Ho and Kosuke Imai and Gary King and Elizabeth A. Stuart},    journal = {Journal of Statistical Software},    year = {2011},    volume = {42},    number = {8},    pages = {1--28},    url = {https://www.jstatsoft.org/v42/i08/},  }
@Manual{stargazer,    title = {stargazer: Well-Formatted Regression and Summary Statistics Tables},    author = {Marek Hlavac},    year = {2018},    note = {R package version 5.2.2},    organization = {Central European Labour Studies Institute (CELSI)},    address = {Bratislava, Slovakia},    url = {https://CRAN.R-project.org/package=stargazer},  }
